<?xml version="1.0" encoding="UTF-8"?><collection xmlns="http://www.loc.gov/MARC21/slim"><record><leader>00598nam--2200193-u-4500</leader><controlfield tag="001">000053458</controlfield><controlfield tag="002">20161230</controlfield><controlfield tag="005">20161230201051</controlfield><controlfield tag="008">110406s1000------------r-----000-0-rum-d</controlfield><datafield ind1=" " ind2=" " tag="040"><subfield code="a">IFIN-HH</subfield></datafield><datafield ind1=" " ind2=" " tag="041"><subfield code="a">rum</subfield></datafield><datafield ind1=" " ind2=" " tag="080"><subfield code="a">541.64:535.3</subfield></datafield><datafield ind1="1" ind2=" " tag="100"><subfield code="a">Baibarac, Mihaela</subfield></datafield><datafield ind1="1" ind2="0" tag="245"><subfield code="a">Studii sers pe filme subtiri de polianilina, poli 3-hexil tiofen si compozite de tip polianilina/nanoparticule de carbon</subfield><subfield code="b">Teza</subfield><subfield code="c">Mihaela baibarac</subfield></datafield><datafield ind1=" " ind2=" " tag="260"><subfield code="a">Bucuresti</subfield><subfield code="b">Ifa</subfield><subfield code="c">2002</subfield></datafield><datafield ind1=" " ind2=" " tag="300"><subfield code="a">144P</subfield></datafield><datafield ind1=" " ind2=" " tag="502"><subfield code="a">Conducator Stiintific: Dr. Ioan Baltog</subfield></datafield><datafield ind1=" " ind2=" " tag="852"><subfield code="a">81312</subfield><subfield code="c">541.64</subfield></datafield><datafield ind1=" " ind2=" " tag="CAT"><subfield code="a">Sys</subfield><subfield code="c">20110406</subfield><subfield code="h">100440</subfield></datafield></record></collection>